<?xml version="1.0" encoding="UTF-8"?>
<record xmlns="http://www.loc.gov/MARC21/slim" xmlns:xsi="http://www.w3.org/2001/XMLSchema-instance" xsi:schemaLocation="http://www.loc.gov/MARC21/slim http://www.loc.gov/standards/marcxml/schema/MARC21slim.xsd">
<leader>     cam a2200241 a 4500</leader>
<controlfield tag="001">002023893</controlfield>
<controlfield tag="003">NNU</controlfield>
<controlfield tag="005">19940725150406.0</controlfield>
<controlfield tag="008">890203s1987    ir       b    000 0 ara d</controlfield>
<datafield tag="035" ind1="9" ind2=" ">
<subfield code="a">NYUb10973803</subfield>
</datafield>
<datafield tag="035" ind1=" " ind2=" ">
<subfield code="a">(CStRLIN)NYUG89-B4087</subfield>
</datafield>
<datafield tag="035" ind1=" " ind2=" ">
<subfield code="a">GLIS00973803X</subfield>
</datafield>
<datafield tag="040" ind1=" " ind2=" ">
<subfield code="a">NjP</subfield>
<subfield code="c">NjP</subfield>
</datafield>
<datafield tag="090" ind1=" " ind2=" ">
<subfield code="i">09/10/92 CT</subfield>
</datafield>
<datafield tag="100" ind1="1" ind2=" ">
<subfield code="a">Raḥmānī al-Hamadānī, Aḥmad.</subfield>
</datafield>
<datafield tag="245" ind1="1" ind2="3">
<subfield code="a">al-Imām ʻAlī ibn Abī Ṭālib, ʻalayhi al-salām :</subfield>
<subfield code="b">man ḥubbuhu ʻunwān al-ṣaḥīfah, li-aqalla al-ʻibād, turāb aqdām al-mutamassikīn bi-ḥabl al-wilāʼ al-ʻalawī \</subfield>
<subfield code="c">Aḥmad al-Raḥmānī al-Hamadānī.</subfield>
</datafield>
<datafield tag="250" ind1=" " ind2=" ">
<subfield code="a">Chāp-i 1.</subfield>
</datafield>
<datafield tag="260" ind1=" " ind2=" ">
<subfield code="a">Tihrān :</subfield>
<subfield code="b">Maktabat al-Ṣadūq,</subfield>
<subfield code="c">1366 [1987]</subfield>
</datafield>
<datafield tag="300" ind1=" " ind2=" ">
<subfield code="a">612 p. ;</subfield>
<subfield code="c">25 cm.</subfield>
</datafield>
<datafield tag="504" ind1=" " ind2=" ">
<subfield code="a">Includes bibliographical references.</subfield>
</datafield>
<datafield tag="600" ind1="0" ind2="0">
<subfield code="a">ʻAlī ibn Abī Ṭālib,</subfield>
<subfield code="c">Caliph,</subfield>
<subfield code="d">600 (ca.)-661</subfield>
<subfield code="x">Hadith.</subfield>
</datafield>
<datafield tag="OWN" ind1=" " ind2=" ">
<subfield code="a">GENERAL</subfield>
</datafield>
<datafield tag="950" ind1=" " ind2=" ">
<subfield code="l">BMAIN</subfield>
<subfield code="a">BP193.1.A2</subfield>
<subfield code="b">H352 1987</subfield>
<subfield code="i">09/10/92 C</subfield>
</datafield>
<datafield tag="955" ind1=" " ind2=" ">
<subfield code="l">BMAIN</subfield>
<subfield code="c">1</subfield>
<subfield code="q">89-B4087-1</subfield>
<subfield code="r">016611736</subfield>
<subfield code="i">09/10/92 C</subfield>
</datafield>
<datafield tag="998" ind1=" " ind2=" ">
<subfield code="a">09/10/92</subfield>
<subfield code="t">b</subfield>
<subfield code="s">9118</subfield>
<subfield code="n">NNU</subfield>
<subfield code="w">NJPG89B5299</subfield>
<subfield code="d">02/03/89</subfield>
<subfield code="b">WO</subfield>
<subfield code="i">920910</subfield>
<subfield code="l">NYUG</subfield>
</datafield>
<datafield tag="AVA" ind1=" " ind2=" ">
<subfield code="a">NYU50</subfield>
<subfield code="b">BOBST</subfield>
<subfield code="c">Main Collection</subfield>
<subfield code="d">BP193.1.A2 H352 1987</subfield>
<subfield code="e">unavailable</subfield>
<subfield code="t">Unavailable</subfield>
<subfield code="f">1</subfield>
<subfield code="g">1</subfield>
<subfield code="h">N</subfield>
<subfield code="i">0</subfield>
<subfield code="j">MAIN</subfield>
<subfield code="k">0</subfield>
</datafield>
</record>
